<?xml version="1.0" encoding="UTF-8"?><collection xmlns="http://www.loc.gov/MARC21/slim"><record><leader>00403nam--2200133-i-4500</leader><controlfield tag="001">000007407</controlfield><controlfield tag="002">20161230</controlfield><controlfield tag="005">20170125140058</controlfield><controlfield tag="008">060222s1000------------r-----000-0-eng-d</controlfield><datafield ind1=" " ind2=" " tag="245"><subfield code="a">Catalogue of lewis`s medical, scientific and technical lending library. Part 1. New edition revised</subfield></datafield><datafield ind1=" " ind2=" " tag="260"><subfield code="a">London</subfield><subfield code="b">H.K.Lewis &amp; Co.Ltd</subfield><subfield code="c">1965</subfield></datafield><datafield ind1=" " ind2=" " tag="300"><subfield code="a">XII + 1056 p</subfield></datafield><datafield ind1=" " ind2=" " tag="852"><subfield code="a">22485</subfield></datafield><datafield ind1=" " ind2=" " tag="CAT"><subfield code="a">SYS</subfield><subfield code="c">20170125</subfield><subfield code="h">140058</subfield></datafield></record></collection>